%%%%%%%%%%%%%%%%%%%%%%%%%%%%%%%%%%%%%%%%%%%%%%%%%%%%%%%%%%%% 
% Exemplos
%%%%%%%%%%%%%%%%%%%%%%%%%%%%%%%%%%%%%%%%%%%%%%%%%%%%%%%%%%%% 

@book{atalho,
    author    = {Autor}, 
    title     = {Nome do livro},
    publisher = {Editora},
    journal   = {Editora},
    year      = {ano},
    volume    = {volume},
    series    = {serie},
    pages     = {paginas},
    address   = {Endereço},
    edition   = {edição},
    month     = {mês},
    note      = {Anotação},
    isbn      = {ISBN}
}

@ABNT-options{referencias,
    abnt-emphasize              ="\textbf",
    abnt-repeated-field-omit    ="no",
    abnt-full-initials          ="no",
    abnt-show-options           ="list",
    abnt-thesis-year            ="final",
    abnt-etal-list              =3,
    key                         ="aaaa"
}

%%%%%%%%%%%%%%%%%%%%%%%%%%%%%%%%%%%%%%%%%%%%%%%%%%%%%%%%%%%% 
% Referencias Diesson
%%%%%%%%%%%%%%%%%%%%%%%%%%%%%%%%%%%%%%%%%%%%%%%%%%%%%%%%%%%% 

% ------------------- ABNT --------------------

@misc{ref:esr_capacitor,
    author = {{ROHM Semiconductor}},
    title = {Capacitor Calculation for Buck converter IC},
    publisher = {ROHM Semiconductor},
    year = {2018},
    month = nov,
    howpublished = {\url{https://d1d2qsbl8m0m72.cloudfront.net/en/products/databook/applinote/ic/power/switching_regulator/capacitor_calculation_appli-e.pdf}}
}

@book{ref:MEP_livro_gil,
   title =     {Como elaborar projetos de pesquisa},
   author =    {Antonio Carlos Gil},
   publisher = {Editora Atlas S.A.},
   isbn =      {9788522478408,8522478406},
   year =      {2002},
   edition =   {4}
}

@book{ref:MEP_livro_malhotra,
   title =     {Pesquisa de marketing: uma orientação aplicada},
   author =    {Naresh Malhotra},
   publisher = {Bookman},
   isbn =      {978-85-407-0062-8},
   year =      {2010},
   edition =   {6}
}

% -------------------- EMC --------------------
@article{ref:EMC_artigo_schlichting, 
    title = {Analysis of Switching Frequency, Commutation Times and Resonant Techniques for Conducted EMI Reduction},
    year = {2003},
    publisher = {The Brazilian Power Electronics Conference},
    author = {Luis Carlos Martinhago schlichting and Muriel Bittencourt de Liz and Adroaldo Raizer},
    journal = {COBEP}
}

% filter_design
@article{ref:EMC_artigo_FilterDesign, 
    title = {{EMI} Filter Design for a Single-stage Bidirectional and Isolated {AC}{\textendash}{DC} Matrix Converter},
    doi = {10.3390/electronics7110318},
    url = {https://doi.org/10.3390/electronics7110318},
    year = {2018},
    month = nov,
    publisher = {{MDPI} {AG}},
    volume = {7},
    number = {11},
    pages = {318},
    author = {Diogo Varaj{\~{a}}o and Rui Esteves Ara{\'{u}}jo and Lu{\'{\i}}s Miranda and Jo{\~{a}}o Pe{\c{c}}as Lopes},
    journal = {Electronics}
}
% livro_ProductDesigners
@book{ref:EMC_livro_ProductDesign, 
    author = {Williams, Tim},
    title = {EMC for product designers},
    publisher = {Newnes},
    year = {2007},
    address = {Oxford},
    isbn = {0750649305}
}
% texas_EMI
@article{ref:EMC_artigo_Texas, 
    author    = {Michael Daimer}, 
    title     = {Simplify low EMI design with power modules},
    journal = {Texas Instruments Incorporated},
    year      = {2017},
    pages     = {10}
}

@misc{ref:EMC_HotLoop_kueck,
    author={Christian Kueck},
	title = {Layout Power Supply Boards to Minimize EMI},
	url = {https://www.powerelectronics.com/technologies/power-electronics-systems/article/21859846/layout-power-supply-boards-to-minimize-emi-part-1},
	journal = {Power Electronics},
	month = {jan},
	year = {2013},
	urlaccessdate = {03 out. 2020}
}

% livro_paul
@book{ref:EMC_livro_Paul, 
    Author = {Clayton R. Paul},
    title = {Introduction to Electromagnetic Compatibility},
    description = {Introduction to Electromagnetic Compatibility (Book, 2006)},
    publisher = {Wiley-Interscience},
    year = {2006},
    month = {jan},
    isbn = {0471755001}
}
% noise_reduction
@book{ref:EMC_livro_NoiseReduct, 
   title =     {Noise Reduction Techniques in Electronic Systems},
   author =    {Henry Ott},
   publisher = {Wiley-Interscience},
   isbn =      {0471850683,9780471850687,9780585256078},
   year =      {1988},
   edition =   {2},
}
% livro_emc_printedCircuit
@Book{ref:EMC_livro_PrintedCircuit, 
    author = {Montrose, Mark},
    title = {Printed circuit board design techniques for EMC compliance : a handbook for designers},
    publisher = {IEEE Press},
    year = {2000},
    address = {New York},
    isbn = {978-0780353763}
}

@Book{ref:EMC_livro_EmcAndPrinted,
    author = {Montrose, Mark},
    title = {EMC and the printed circuit board : design, theory, and layout made simple},
    publisher = {IEEE Press John Wiley \& Sons, Inc},
    year = {1999},
    address = {New York},
    isbn = {0-7803-4703-x}
 }

@phdthesis{ref:EMC_phd_schlichting,
	Author = {Luis Carlos Martinhago Schlichting},
	School = {Centro Tecnológico, Universidade Federal de Santa Catarina},
	Title = {Contribuição ao estudo da compatibilidade eletromagnética aplicada aos conversores estáticos},
	Url = {http://repositorio.ufsc.br/xmlui/handle/123456789/85109},
	Urlaccessdate = {4 abr 2020},
	Year = {2003},
	Bdsk-Url-1 = {https://repositorio.ufsc.br/bitstream/handle/123456789/85109/194127.pdf?sequence=1&isAllowed=y}
}

@phdthesis{ref:EMC_phd_muriel,
	Author = {Muriel Bittencourt de Liz},
	School = {Centro Tecnológico, Universidade Federal de Santa Catarina},
	Title = {Contribuição para a redução da interferência eletromagnética em fontes chaveadas},
	Url = {https://repositorio.ufsc.br/handle/123456789/85025},
	Urlaccessdate = {4 abr 2020},
	Year = {2003},
	Bdsk-Url-1 = {https://repositorio.ufsc.br/bitstream/handle/123456789/85025/195653.pdf?sequence=1&isAllowed=y}
}

@MastersThesis{ref:EMC_msc_muriel,
	Author = {Muriel Bittencourt de Liz},
	School = {Centro Tecnológico, Universidade Federal de Santa Catarina},
	Title = {Introdução à compatibilidade eletromagnética em conversores estáticos},
	Url = {http://repositorio.ufsc.br/xmlui/handle/123456789/81098},
	Urlaccessdate = {05 set 2020},
	Year = {1999},
	Bdsk-Url-1 = {https://repositorio.ufsc.br/bitstream/handle/123456789/81098/143022.pdf?sequence=1&isAllowed=y}
}

@misc{ref:EMC_iec_about,
    author={IEC},
	title = {International Electrotechnical Commission},
	url = {https://www.iec.ch/},
	journal = {International Electrotechnical Commission},
	year = {2020},
	urlaccessdate = {19 set. 2020}
}

@misc{ref:EMC_joabel_aula6,
    author={Joabel Moia},
	title = {Técnicas de layout (leiaoute) aplicadas para o desenvolvimento de PCI},
	journal = {Instituto Federal de Educação, Ciência e Tecnologia de Santa Catarina Departamento Acadêmico de Eletrônica Curso Engenharia Eletrônica},
	year = {2019},
	urlaccessdate = {04 out. 2020}
}

@article{ref:EMC_Texas_cispr, 
    author    = {Timothy Hegarty}, 
    title     = {An overview of conducted EMI specifications for power supplies},
    journal = {Texas Instruments Incorporated},
    year      = {2018},
    year      = {02},
    pages     = {7}
}

@manual{ref:EMC_CISPR22,
	Organization = {Associação Brasileira de Normas Técnicas},
	Org-Short = {ABNT},
	Title = {{ABNT NBR IEC/CISPR} 22},
	Subtitle = {Equipamento de tecnologia da informação — Características de radioperturbação — Limites e métodos de medição},
	Pages = 72,
	Address = {Rio de Janeiro},
	Year = 2013,
	}

% -------------------- ELP --------------------
@book{ref:ELP_livro_EletrPotBarbi,
	address = {Florianópolis},
	edition = {6},
	title = {Eletrônica de {Potência}},
	language = {Portuguese},
	publisher = {Edição dos Autores},
	author = {Ivo Barbi},
	year = {2005}
}

@book{ref:ELP_livro_Hart,
    author = {Hart, Daniel},
    title = {Power electronics},
    publisher = {McGraw-Hill},
    year = {2011},
    address = {New York},
    isbn = {978-0-07-338067-4}
}

@book{ref:ELP_livro_ConversNIsolado,
	address = {Florianópolis},
	title = {Eletrônica de potência: conversores {CC}-{CC} básicos não isolados},
	isbn = {9788590520320},
	shorttitle = {Eletrônica de Potência},
	language = {Portuguese},
	publisher = {Edição dos Autores},
	author = {Denizar Cruz Martins and Ivo Barbi},
	year = {2006},
	note = {OCLC: 230892733}
}

@book{ref:ELP_livro_Rashid,
    author = {Muhammad H. Rashid},
    title = {Power Electronics Handbook},
    publisher = {Elsevier Science},
    year = {2017},
    address = {Saint Louis},
    isbn = {978-0-12-811407-0}
}

@book{ref:ELP_livro_ProjFontChav,
  title={Eletronica de potencia: Projetos de fontes chaveadas},
  author={Ivo Barbi},
  year={2001},
  publisher={Ed. do autor}
}

@misc{ref:ELP_site_transistores,
    author={IuE},
	title = {Evolution of {Power} {Semiconductor} {Devices}},
	url = {https://www.iue.tuwien.ac.at/},
	journal = {Institute for Microelectronics},
	year = {2004},
	month = {10},
	urlaccessdate = {19 jun. 2020}
}
% -------------------- CBI --------------------
% carregador_bateria
@inproceedings{ref:BI_artigo_CarrBateria, 
    author    = {Jesiel da Luz Ferro and Ivo Barbi}, 
    title     = {Carregador de baterias de íon-lítio para veículos elétricos integrado a geração fotovoltaica},
    booktitle = {VII Congresso Brasileiro de Energia Solar},
    year      = {2018},
    address   = {Gramado/RS},
    pages     = {9}
}
% peraca
@phdthesis{ref:BI_phd_Peraca, 
  author       = {Mauro Tavares Pera{\c{c}}a}, 
  title        = {Conversores utilizando células de comutação de quatro estados},
  school       = {Universidade Federal de Santa Catarina},
  year         = 2008,
  address      = {Florianópolis/SC},
  month        = {Set.}
}
% NCREEE
@conference {ref:BI_artigo_DesignSimul, 
	title = {Design and Simulation of Two Phase Interleaved Buck Converter},
	booktitle = {National Conference on Recent Advances in Electrical \& Electronics Engineering ( NCREEE 2015)},
	volume = {4},
	year = {2015},
	pages = {08-15},
	publisher = {International Journal of Advanced Research in Electrical, Electronics and Instrumentation Engineering},
	organization = {International Journal of Advanced Research in Electrical, Electronics and Instrumentation Engineering},
	edition = {1},
	author = {Ashna Joseph and Jebin Francis}
}
% tcc_balestero
@book{ref:BI_tcc_Balestero, 
    address={São Paulo},
    author={Juan Paulo Robles Balestero},
    pages={124},
    publisher={Pós-Graduação em Engenharia Elétrica, Universidade Estadual Paulista Faculdade De Engenharia - Campus De Ilha Solteira},
    title={Conversor buck utilizando célula de comutação de três estados},
    year={2006}
}
% artigo_falcondes
@article{ref:BI_artigo_Falcondes, 
    doi = {10.18618/rep.2013.1.804814},
    title = {Analysis,  design, and experimentation of a buck converter based on the three-state switching cell operating in overlapping mode},
    author = {Falcondes Jos{\'{e}} Mendes de Seixas and Juan Paulo Robles Balestero and Claudiner Mendes de Seixas and Fernando Lessa Tofoli and Grover Victor Torrico-Bascop{\'{e}}},
    journal = {Eletr{\^{o}}nica de Pot{\^{e}}ncia},
    year = {2013},
    month = {Fev},
    publisher = {Associacao Brasileira de Eletronica de Potencia {SOBRAEP}},
    volume = {18},
    number = {1},
    pages = {804--814}
}

@article{ref:BI_artigo_Balestero,
  doi = {10.1109/tpel.2012.2197419},
  url = {https://doi.org/10.1109/tpel.2012.2197419},
  year = {2013},
  month = jan,
  publisher = {Institute of Electrical and Electronics Engineers ({IEEE})},
  volume = {28},
  number = {1},
  pages = {398--407},
  author = {J. P. R. Balestero and F. L. Tofoli and G. V. Torrico-Bascope and F. J. M. de Seixas},
  title = {A {DC}{\textendash}{DC} Converter Based on the Three-State Switching Cell for High Current and Voltage Step-Down Applications},
  journal = {{IEEE} Transactions on Power Electronics}
}

% git_Diesson
@misc{ref:BI_git_Diesson,
    author = {Diesson Stefano Allebrandt},
    title = {Buck Interleaved},
    year = {2020},
    publisher = {GitHub},
    journal = {GitHub repository},
    howpublished = {\url{https://github.com/diesson/buck\_interleaved}}
}


%%%%%%%%%%%%%%%%%%%%%%%%%%%%%%%%%%%%%%%%%%%%%%%%%%%%%%%%%%%% 
% Referencias Outros
%%%%%%%%%%%%%%%%%%%%%%%%%%%%%%%%%%%%%%%%%%%%%%%%%%%%%%%%%%%% 

%% This BibTeX bibliography file was created using BibDesk.
%% http://bibdesk.sourceforge.net/
%%https://www.anatel.gov.br/paineis/acessos/telefonia-movel

@misc{telefonia-movel,
    title={Dados de acessos telefonia móvel de Fev/2020},
    organization = {ANATEL},
	url = {https://www.anatel.gov.br/paineis/acessos/telefonia-movel},
	urlaccessdate = {31 mar 2020},
	year={2020},
}



@misc{RLB0914-680KL-png,
    title={{RLB0914-680KL}},
    organization = {Mouser Eletronics},
	Url = {https://br.mouser.com/ProductDetail/Bourns/RLB0914-680KL?qs=sGAEpiMZZMv126LJFLh8y6H2uD5aoX3J6D2VM52q5gg%3D},
	Urlaccessdate = {18 mar 2020},
	year={2020},
}

@misc{SRN6045TA-680M-png,
    title={SRN6045TA-680M},
    organization = {Mouser Eletronics},
	url = {https://br.mouser.com/ProductDetail/Bourns/SRN6045TA-680M?qs=Vt59ZOdFuWZwwb5da9XlfA\%3D\%3D},
	urlaccessdate = {18 mar 2020},
	year={2020}
}

@misc{EMZR250ADA221MF80G-png,
    title={EMZR250ADA221MF80G},
    organization = {Mouser Eletronics},
	url = {https://br.mouser.com/ProductDetail/United-Chemi-Con/EMZR250ADA221MF80G?qs=%2Fha2pyFaduiEVPJJ31ohqOYK0820vhYHh7pOifth5spmAwNtoTimpGD4ysc35DMU},
	urlaccessdate = {19 mar 2020},
	year={2020}
}

@manual{EEU-FR1V680-datasheet,
    title={Aluminum Electrolytic Capacitors (Radial Lead Type)},
    organization = {Panasonic},
	url = {https://br.mouser.com/datasheet/2/315/ABA0000C1022-1144690.pdf},
	urlaccessdate = {19 mar 2020},
	Month = {Mar.},
	year={2016}
}

@manual{MUR220-datasheet,
    title={MUR220},
    subtitle = {Switchmode Power Rectifier},
    organization = {ON Semiconductor},
	url = {https://www.onsemi.com/pub/Collateral/MUR220-D.PDF},
	urlaccessdate = {19 mar 2020},
	Month = {Jul.},
	year={2006}
}

@manual{SS3X-datasheet,
    title={SS32 - S310},
    subtitle = {Schottky Rectifier},
    organization = {ON Semiconductor},
	url = {https://www.onsemi.com/pub/Collateral/SS39-D.PDF},
	urlaccessdate = {19 mar 2020},
	Month = {Ago.},
	year={2018}
}

@manual{UM2309,
    title={UM2309 User Manual},
    subtitle = {Getting started with the 45 W wall adapter solution for USB Type-C Power Delivery},
    organization = {STMicroelectronics},
	url = {https://www.st.com/content/st_com/en/products/evaluation-tools/solution-evaluation-tools/psu-and-converter-solution-eval-boards/steval-usbpd45h.html#overview},
	urlaccessdate = {09 set 2019},
	Month = {Dez.},
	year={2017}
}

@phdthesis{drEspirro,
	Author = {Luis Carlos Martinhago Schlichting},
	School = {Centro Tecnológico, Universidade Federal de Santa Catarina},
	Title = {Contribuição ao estudo da compatibilidade eletromagnética aplicada aos conversores estáticos},
	Url = {http://repositorio.ufsc.br/xmlui/handle/123456789/85109},
	Urlaccessdate = {4 abr 2020},
	Year = {2003},
	Bdsk-Url-1 = {https://repositorio.ufsc.br/bitstream/handle/123456789/85109/194127.pdf?sequence=1&isAllowed=y}
}

@phdthesis{drMuriel,
	Author = {Muriel Bittencourt de Liz},
	School = {Centro Tecnológico, Universidade Federal de Santa Catarina},
	Title = {Contribuição para a redução da interferência eletromagnética em fontes chaveadas},
	Url = {https://repositorio.ufsc.br/handle/123456789/85025},
	Urlaccessdate = {4 abr 2020},
	Year = {2003},
	Bdsk-Url-1 = {https://repositorio.ufsc.br/bitstream/handle/123456789/85025/195653.pdf?sequence=1&isAllowed=y}
}

@misc{petry-cap01,
    title={Introdução à Eletrônica de Potência},
    Author = {Clóvis Antônio Petry},
	url = {http://www.professorpetry.com.br/Ensino/Eletronica_Potencia/Capitulo_1.pdf},
	urlaccessdate = {04 abr 2020},
	year={2013}
}

@manual{IEC60050-161:2019,
	Address = {Rio de Janeiro},
	Month = {fev.},
	Org-Short = {ABNT},
	Organization = {Associação Brasileira de Normas Técnicas},
	Pages = 34,
	Subtitle = {Vocabulário eletrotécnico internacional. Capítulo 161: Compatibilidade eletromagnética},
	Title = {{ABNT NBR IEC} 60050-161},
	Year = 2019
}

@Book{montrose2000printed,
    author = {Montrose, Mark},
    title = {Printed circuit board design techniques for EMC compliance : a handbook for designers},
    publisher = {IEEE Press},
    year = {2000},
    address = {New York},
    isbn = {0-7803-5376-5}
}

@Book{paul2006introduction,
    author = {Paul, Clayton},
    title = {Introduction to electromagnetic compatibility},
    publisher = {Wiley-Interscience},
    year = {2006},
    address = {Hoboken, N.J},
    isbn = {978-0-471-75500-5}
}

@Book{tihanyi1995electromagnetic,
    author = {Tihanyi, László},
    title = {Electromagnetic compatibility in power electronics},
    publisher = {IEEE Press J.K. Eckert Butterworth Heinemann},
    year = {1995},
    address = {New York, N.Y., U.S.A. Sarasota, Fla., U.S.A. Oxford, U.K},
    isbn = {9780750623797}
}

@Book{costa2014electromagnetic,
    author = {Costa, François},
    title = {Electromagnetic compatibility in power electronics},
    publisher = {ISTE Wiley},
    year = {2014},
    address = {London Hoboken, NJ},
    isbn = {978-1-84821-504-7}
}

@Book{ott1988noise,
    author = {Ott, Henry},
    title = {Noise reduction techniques in electronic systems},
    publisher = {Wiley},
    year = {1988},
    address = {New York},
    isbn = {0471850683}
}

@book{barbismps,
    title={Eletrônica de potência: projeto de fontes chaveadas},
    author={Ivo Barbi},
    publisher={Edição do Autor},
    Address = {Florianópolis: Universidade Federal de Santa Catarina},
    Pages = 331,
    year =  2001,
}

@Book{balanis2005antenna,
    author = {Balanis, Constantine},
    title = {Antenna theory : analysis and design},
    publisher = {Wiley Interscience},
    year = {2005},
    address = {Hoboken, NJ},
    isbn = {0-471-66782-X}
}





	

@book{book:{386846},
   title =     {Noise Reduction Techniques in Electronic Systems},
   author =    {Henry Ott},
   publisher = {Wiley-Interscience},
   isbn =      {0471850683,9780471850687,9780585256078},
   year =      {1988},
   edition =   {2},
}

@book{book:{1445528},
   title =     {Electromagnetic Compatibility in Power Electronics},
   author =    {FranÃ§ois Costa, Eric Laboure, Bertrand Revol},
   publisher = {Wiley-ISTE},
   isbn =      {978-1-84821-504-7,9781118863091,1118863097,9781118863183,1118863186,9781306373791,1306373794,1848215045},
   year =      {2014},
   series =    {Electronics engineering series (London England)},
   edition =   {1},
   volume =    {},
   url =       {http://gen.lib.rus.ec/book/index.php?md5=B41A1FB3A3D63751516697A4570976F9}}

@book{book:{135400},
   title =     {Emc In Power Electronics},
   author =    {Laszlo Tihanyi},
   publisher = {Newnes},
   isbn =      {9780750623797,0750623799},
   year =      {1997},
   series =    {},
   edition =   {},
   volume =    {},
   url =       {http://gen.lib.rus.ec/book/index.php?md5=F8D199E8959135615A6D05AD1260D345}}


@book{goossens94,
  title={{The LATEX companion}},
  author={Goossens, M. and Mittelbach, F. and Samarin, A.},
  year={1994},
  publisher={Addison-Wesley}
}

@book{lamport94,
  title={{La T E X: A Document Preparation System}},
  author={Lamport, L. and others},
  year={1994},
  publisher={Addison-Wesley, Reading, Massachusetts,}
}

@inbook{exemplo,
address={S\~a Paulo},
booktitle={Entendendo o meio ambiente},
organization={São Paulo {(Estado). Secretaria do Meio Ambiente}},
title={Tratados e organizações ambientais em matéria de meio
ambiente},
url={http://www.bdt.org.br/sma/entendendo/atual.htm},
urlaccessdate={8 mar. 1999},
volume={1},
year={1999}}
